<?xml version="1.0" encoding="UTF-8"?><record xmlns="http://www.loc.gov/MARC21/slim" xmlns:cinclude="http://apache.org/cocoon/include/1.0" xmlns:zs="http://www.loc.gov/zing/srw/">
  <leader>00419nz  a2200133n  4500</leader>
  <controlfield tag="001">n  85051463 </controlfield>
  <controlfield tag="003">DLC</controlfield>
  <controlfield tag="005">19850420112707.1</controlfield>
  <controlfield tag="008">850419n| acannaab|          |n aaa |||  </controlfield>
  <datafield tag="010" ind1=" " ind2=" ">
    <subfield code="a">n  85051463 </subfield>
  </datafield>
  <datafield tag="040" ind1=" " ind2=" ">
    <subfield code="a">DLC</subfield>
    <subfield code="c">DLC</subfield>
  </datafield>
  <datafield tag="100" ind1="1" ind2="0">
    <subfield code="a">Vogl, Robert L.</subfield>
  </datafield>
  <datafield tag="670" ind1=" " ind2=" ">
    <subfield code="a">Vogl, S.W. Teaching nature in cities and towns, c1985:</subfield>
    <subfield code="b">t.p. (Robert L. Vogl, Ph. D.; North. Ill. Univ.)</subfield>
  </datafield>
  <datafield tag="670" ind1=" " ind2=" ">
    <subfield code="a">LC data base, 2/26/85</subfield>
    <subfield code="b">(hdg.: Vogl, Robert L.)</subfield>
  </datafield>
</record>